<?xml version="1.0" encoding="UTF-8"?><collection xmlns="http://www.loc.gov/MARC21/slim"><record><leader>00352nam--2200133-i-4500</leader><controlfield tag="001">000030724</controlfield><controlfield tag="002">20161230</controlfield><controlfield tag="005">20161230201038</controlfield><controlfield tag="008">060222s1000------------r-----000-0-eng-d</controlfield><datafield ind1=" " ind2=" " tag="080"><subfield code="a">621.37:539.216.2</subfield></datafield><datafield ind1=" " ind2=" " tag="100"><subfield code="a">Macleod,  H.A</subfield></datafield><datafield ind1=" " ind2=" " tag="245"><subfield code="a">Thin-film optical filters.second edition</subfield></datafield><datafield ind1=" " ind2=" " tag="260"><subfield code="a">Bristol, Adam Hilger Ltd., 1986. Xxii + 519p</subfield></datafield><datafield ind1=" " ind2=" " tag="852"><subfield code="a">74713</subfield></datafield></record></collection>